=LDR  01929ngm a2200493 i 4500
=001  kan1464136
=003  CaSfKAN
=005  20140324125357.0
=006  m\\\\\o\\c\\\\\\\\
=007  vz\uzazuu
=007  cr\una---unuuu
=008  170712p20172016cau102\\\\\\\\o\\\vlfre\d
=028  52$a1464136$bKanopy
=040  \\$aUtOrKAN$beng$erda$cUtOrKAN
=245  04$aThe stopover =$bVoir du pays.
=246  31$aVoir du pays
=264  \1$bFirst Run Features,$c2016.
=264  \1$a[San Francisco, California, USA] :$bKanopy Streaming,$c2017.
=300  \\$a1 online resource (streaming video file) (103 minutes):$bdigital, .flv file, sound
=306  \\$a014213
=336  \\$atwo-dimensional moving image$btdi$2rdacontent
=337  \\$acomputer$bc$2rdamedia
=338  \\$aonline resource$bcr$2rdacarrier
=344  \\$adigital
=347  \\$avideo file$bMPEG-4$bFlash
=500  \\$aTitle from title frames.
=518  \\$aOriginally produced by First Run Features in 2016.
=520  \\$aAt the end of their tour of duty in Afghanistan, two young military women, Aurore and Marine, are given three days of "decompression leave" with their unit, among tourists, at a five-star resort in Cyprus. But it's not that easy to forget the war and leave violence behind.
=538  \\$aMode of access: World Wide Web.
=650  \0$aFriendship.
=650  \0$aWomen soldiers.
=650  \0$aAfghan War, 2001-.
=655  \7$aFeature films.$2lcgft
=700  1\$aCoulin, Delphine,$efilm director.
=700  1\$aCoulin, Muriel,$efilm director.
=700  1\$aKōnstantinou, Antrea,$eactor.
=700  1\$aLabed, Ariane,$eactor.
=700  1\$aRoman, Ginger,$eactor.
=700  1\$aLeklou, Karim,$eactor.
=700  1\$aPapadimitriou, Makis,$eactor.
=700  1\$aSoko,$d1986-$eactor.
=710  2\$aFirst Run Features (Firm),$4dst
=710  2\$aKanopy (Firm),$4dst
=856  40$uhttp://uc.kanopystreaming.com/node/464137$zA Kanopy streaming video

