=LDR  01778ngm a2200421 i 4500
=001  kan1497493
=003  CaSfKAN
=005  20140324125357.0
=006  m\\\\\o\\c\\\\\\\\
=007  vz\uzazuu
=007  cr\una---unuuu
=008  170719p20172017cau089\\\\\\\\o\\\vleng\d
=028  52$a1497493$bKanopy
=040  \\$aUtOrKAN$beng$erda$cUtOrKAN
=245  00$aAlmost adults.
=264  \1$bGravitas,$c2017.
=264  \1$a[San Francisco, California, USA] :$bKanopy Streaming,$c2017.
=300  \\$a1 online resource (streaming video file) (90 minutes):$bdigital, .flv file, sound
=306  \\$a012955
=336  \\$atwo-dimensional moving image$btdi$2rdacontent
=337  \\$acomputer$bc$2rdamedia
=338  \\$aonline resource$bcr$2rdacarrier
=344  \\$adigital
=347  \\$avideo file$bMPEG-4$bFlash
=500  \\$aTitle from title frames.
=518  \\$aOriginally produced by Gravitas in 2017.
=520  \\$aThis comedy feature follows two best friends in their final year of college while they transition into adulthood. One embraces her sexuality and tries to catch up on everything she has missed during her teenage years, while the other ends a long term relationship with her boyfriend and discovers her life isn't going as planned. Both struggle to keep their friendship together as they begin growing apart.
=538  \\$aMode of access: World Wide Web.
=650  \0$aFriendship.
=650  \0$aComedy films.
=655  \7$aFeature films.$2lcgft
=700  1\$aRotella, Sarah,$efilm director.
=700  1\$aBauman, Elise,$eactor.
=700  1\$aGerhard, Justin,$eactor.
=700  1\$aNegovanlis, Natasha,$eactor.
=710  2\$aGravitas (Firm),$4dst
=710  2\$aKanopy (Firm),$4dst
=856  40$uhttp://uc.kanopystreaming.com/node/497494$zA Kanopy streaming video

