=LDR  01630ngm a2200361ua 4500
=001  kan1166011
=003  CaSfKAN
=006  m\\\\\o\\c\\\\\\\\
=007  vz\uzazuu
=007  cr\una---unuuu
=008  170721p20172010cau050\\\\\\\\o\\\vleng\d
=028  52$a1166011$bKanopy
=035  \\$a(OCoLC)945762855
=040  \\$aVDU$beng$cVDU
=245  00$aToulouse-Lautrec
=264  \1$bArthaus Musik,$c2010.
=264  \1$a[San Francisco, California, USA] :$bKanopy Streaming,$c2017.
=300  \\$a1 online resource (streaming video file) (51 minutes):$bdigital, .flv file, sound
=306  \\$a005006
=336  \\$atwo-dimensional moving image$btdi$2rdacontent
=337  \\$acomputer$bc$2rdamedia
=338  \\$aonline resource$bcr$2rdacarrier
=500  \\$aIn Process Record.
=500  \\$aTitle from title frames.
=518  \\$aOriginally produced by Arthaus Musik in 2010.
=520  \\$a  Known best for his vivid portrayals of the famous Moulin Rouge nightclub, 19th-century French painter Henri Toulouse-Lautrec had a difficult life: He was crippled by a genetic disease and died at 36 after years of alcoholism and syphilis had racked his body. This gripping program looks at Toulouse-Lautrec's life and art, and leading authorities, art historians and scholars offer analysis and commentary that provide an inside look at the artist.
=538  \\$aMode of access: World Wide Web.
=546  \\$aIn English
=653  \\$aVisual Art
=700  1\$aChadwick, Hilary,$efilmmaker 
=710  2\$aArthaus Musik (Firm),$4dst
=710  2\$aKanopy (Firm),$4dst
=856  40$uhttp://uc.kanopystreaming.com/node/166012$zA Kanopy streaming video

