=LDR  01498ngm a2200361za 4500
=001  kan1149871
=003  CaSfKAN
=006  m\\\\\o\\c\\\\\\\\
=007  vz\uzazuu
=007  cr\una---unuuu
=008  170724p20172012cau039\\\\\\\\o\\\vlund\d
=028  52$a1149871$bKanopy
=035  \\$a(OCoLC)921956686
=040  \\$aVDU$beng$cVDU
=245  00$aSaute-Dry-Heat Cooking with Fat
=264  \1$bThe Great Courses,$c2012.
=264  \1$a[San Francisco, California, USA] :$bKanopy Streaming,$c2017.
=300  \\$a1 online resource (streaming video file) (40 minutes):$bdigital, .flv file, sound
=306  \\$a003928
=336  \\$atwo-dimensional moving image$btdi$2rdacontent
=337  \\$acomputer$bc$2rdamedia
=338  \\$aonline resource$bcr$2rdacarrier
=500  \\$aTitle from title frames.
=500  \\$aIn Process Record.
=511  0\$aFeatures: Bill Briwa
=518  \\$aOriginally produced by The Great Courses in 2012.
=520  \\$aBegin strengthening your cooking techniques with a close look at using the right pan, the right amount of fat, and the right temperature to make crispy and delicious sauteed foods. As you explore the ins and outs of sauteing, you learn how to make a delicious (and simple) dish: Chicken Marsala.
=538  \\$aMode of access: World Wide Web.
=546  \\$aIn English
=653  \\$aFood Technology
=710  2\$aThe Great Courses (Firm),$4dst
=710  2\$aKanopy (Firm),$4dst
=856  40$uhttp://uc.kanopystreaming.com/node/149872$zA Kanopy streaming video


